@misc{thyroid-dataset,
  author       = {Emmanuel Fwerr},
  title        = {Thyroid Disease Data},
  year         = {2023},
  howpublished = {\url{https://www.kaggle.com/datasets/emmanuelfwerr/thyroid-disease-data}},
  note         = {Acessado em: 21 set. 2025}
}

@article{oture2025enhanced,
  author = {Oture, Osasere and Iqbal, Muhammad Zahid and Wang, Xining (Ning)},
  title = {Enhanced Diagnosis of Thyroid Diseases Through Advanced Machine Learning Methodologies},
  journal = {Sci},
  volume = {7},
  number = {2},
  pages = {66},
  year = {2025},
  doi = {10.3390/sci7020066}
}

@article{thyroidSelective2022,
  author = {Autor(es) do artigo “Thyroid Disease Prediction Using Selective Features and Machine Learning”},
  title = {Thyroid Disease Prediction Using Selective Features and Machine Learning},
  journal = {PMC / etc.},
  year = {2022},
  note = {Disponível em: https://pmc.ncbi.nlm.nih.gov/articles/PMC9405591/}
}

@article{selfStack2023,
  author = {Autor(es) do “novel self-stack ensemble model for thyroid disease prediction”},
  title = {The novel self-stack ensemble model for thyroid disease prediction},
  journal = {PLOS ONE},
  year = {2023},
  note = {Disponível em: https://journals.plos.org/plosone/article?id=10.1371\\%2Fjournal.pone.0295501}
}


